<?xml version="1.0" encoding="UTF-8"?><record xmlns="http://www.loc.gov/MARC21/slim" xmlns:cinclude="http://apache.org/cocoon/include/1.0" xmlns:zs="http://www.loc.gov/zing/srw/">
  <leader>01131cz  a2200241n  4500</leader>
  <controlfield tag="001">nr 89013177 </controlfield>
  <controlfield tag="003">DLC</controlfield>
  <controlfield tag="005">20130314095718.0</controlfield>
  <controlfield tag="008">891003n| azannaabn          |a aaa     c</controlfield>
  <datafield tag="010" ind1=" " ind2=" ">
    <subfield code="a">nr 89013177 </subfield>
  </datafield>
  <datafield tag="035" ind1=" " ind2=" ">
    <subfield code="a">(OCoLC)oca02611285</subfield>
  </datafield>
  <datafield tag="040" ind1=" " ind2=" ">
    <subfield code="a">NjP</subfield>
    <subfield code="b">eng</subfield>
    <subfield code="e">rda</subfield>
    <subfield code="c">NjP</subfield>
    <subfield code="d">OOC</subfield>
    <subfield code="d">DLC</subfield>
  </datafield>
  <datafield tag="046" ind1=" " ind2=" ">
    <subfield code="s">13</subfield>
    <subfield code="t">14</subfield>
  </datafield>
  <datafield tag="100" ind1="1" ind2=" ">
    <subfield code="a">Susay, Johannes,</subfield>
    <subfield code="d">active 14th century-15th century</subfield>
  </datafield>
  <datafield tag="400" ind1="1" ind2=" ">
    <subfield code="a">Susay, Jo,</subfield>
    <subfield code="d">active 14th century-15th century</subfield>
  </datafield>
  <datafield tag="400" ind1="1" ind2=" ">
    <subfield code="w">nnea</subfield>
    <subfield code="a">Susay, Johannes,</subfield>
    <subfield code="d">14th/15th cent.</subfield>
  </datafield>
  <datafield tag="400" ind1="1" ind2=" ">
    <subfield code="a">Suzay, Jehan de,</subfield>
    <subfield code="d">active 14th century-15th century</subfield>
  </datafield>
  <datafield tag="400" ind1="1" ind2=" ">
    <subfield code="a">Suzoy, Johannes,</subfield>
    <subfield code="d">active 14th century-15th century</subfield>
  </datafield>
  <datafield tag="670" ind1=" " ind2=" ">
    <subfield code="a">Musique au temps des papes en Avignon [SR] p1976</subfield>
    <subfield code="b">(name not given)</subfield>
  </datafield>
  <datafield tag="670" ind1=" " ind2=" ">
    <subfield code="a">StaĚblein-Harder, H. Fourteenth-century Mass music in France, 1962</subfield>
    <subfield code="b">(Gloria in fact attributed to Susay; can be identified with Jehan de Suzay, early 15th-century composer)</subfield>
  </datafield>
  <datafield tag="670" ind1=" " ind2=" ">
    <subfield code="a">New Grove</subfield>
    <subfield code="b">(Susay [Suzoy] Jo(hannes), fl. c. 1380, French composer)</subfield>
  </datafield>
  <datafield tag="670" ind1=" " ind2=" ">
    <subfield code="a">Medieval Ensemble of London. Ce diabolic chant [SR] 2007, p1983:</subfield>
    <subfield code="b">container (Johannes Suzoy (Jo Susay), fl. c1380)</subfield>
  </datafield>
  <datafield tag="675" ind1=" " ind2=" ">
    <subfield code="a">Dictionnaire de la musique.</subfield>
  </datafield>
</record>